<?xml version="1.0" encoding="UTF-8"?><record xmlns="http://www.loc.gov/MARC21/slim" xmlns:cinclude="http://apache.org/cocoon/include/1.0" xmlns:zs="http://www.loc.gov/zing/srw/">
  <leader>00508nz  a2200145n  4500</leader>
  <controlfield tag="001">no2009116940</controlfield>
  <controlfield tag="003">DLC</controlfield>
  <controlfield tag="005">20090731075529.0</controlfield>
  <controlfield tag="008">090729n| acannaabn          |a ana     c</controlfield>
  <datafield tag="010" ind1=" " ind2=" ">
    <subfield code="a">no2009116940</subfield>
  </datafield>
  <datafield tag="035" ind1=" " ind2=" ">
    <subfield code="a">(OCoLC)oca08187973</subfield>
  </datafield>
  <datafield tag="040" ind1=" " ind2=" ">
    <subfield code="a">InU</subfield>
    <subfield code="b">eng</subfield>
    <subfield code="c">InU</subfield>
  </datafield>
  <datafield tag="110" ind1="2" ind2=" ">
    <subfield code="a">Deutscher Alpenverein (1950- ).</subfield>
    <subfield code="b">Sektion Karpaten</subfield>
  </datafield>
  <datafield tag="410" ind1="2" ind2=" ">
    <subfield code="a">DAV (1950- ).</subfield>
    <subfield code="b">Sektion Karpaten</subfield>
  </datafield>
  <datafield tag="670" ind1=" " ind2=" ">
    <subfield code="a">Its Jahrbuch, 2001/2002:</subfield>
    <subfield code="b">t.p. (Sektion Karpaten des Deutschen Alpenvereins) cover p. 1 (DAV, Deutscher Alpenverein, Sektion Karpaten)</subfield>
  </datafield>
</record>